<?xml version="1.0" encoding="UTF-8"?><collection xmlns="http://www.loc.gov/MARC21/slim"><record><leader>00391nam--2200145-i-4500</leader><controlfield tag="001">000016607</controlfield><controlfield tag="002">20161230</controlfield><controlfield tag="005">20170116005932</controlfield><controlfield tag="008">060222s1000------------r-----000-0-eng-d</controlfield><datafield ind1=" " ind2=" " tag="100"><subfield code="a">Tudosescu, Ion</subfield></datafield><datafield ind1=" " ind2=" " tag="245"><subfield code="a">Actiune, decizie, responsabilitate. Studii de praxiologie</subfield></datafield><datafield ind1=" " ind2=" " tag="260"><subfield code="a">Bucuresti</subfield><subfield code="b">Editura Academiei RSR</subfield><subfield code="c">1976</subfield></datafield><datafield ind1=" " ind2=" " tag="300"><subfield code="a">202 p</subfield></datafield><datafield ind1=" " ind2=" " tag="852"><subfield code="a">80739</subfield></datafield><datafield ind1=" " ind2=" " tag="CAT"><subfield code="a">SYS</subfield><subfield code="c">20170116</subfield><subfield code="h">005932</subfield></datafield></record></collection>